<record><leader>00000cas a22000007a 4500</leader><controlfield tag="001">12115607</controlfield><controlfield tag="008">850604d19041905wiuwr ne      0    0eng d</controlfield><datafield ind1=" " ind2=" " tag="010"><subfield code="a">sn 85040774 </subfield></datafield><datafield ind1=" " ind2=" " tag="040"><subfield code="a">NPV</subfield><subfield code="b">eng</subfield><subfield code="c">NPV</subfield><subfield code="d">OCLCQ</subfield></datafield><datafield ind1=" " ind2=" " tag="042"><subfield code="a">msc</subfield></datafield><datafield ind1="0" ind2=" " tag="130"><subfield code="a">Index (Wausaukee, Wis.)</subfield></datafield><datafield ind1="1" ind2="4" tag="245"><subfield code="a">The index.</subfield></datafield><datafield ind1=" " ind2=" " tag="260"><subfield code="a">Wausaukee, Wis. :</subfield><subfield code="b">E.F. McElroy,</subfield><subfield code="c">1904-</subfield></datafield><datafield ind1=" " ind2=" " tag="300"><subfield code="a">v.</subfield></datafield><datafield ind1=" " ind2=" " tag="310"><subfield code="a">Weekly</subfield></datafield><datafield ind1="0" ind2=" " tag="362"><subfield code="a">Vol. 1, no. 1 (Aug. 18, 1904)-</subfield></datafield><datafield ind1="1" ind2=" " tag="362"><subfield code="a">Ceased in 1905?</subfield><subfield code="z">cf. Oehlerts, d. Guide to Wis. newspapers.</subfield></datafield><datafield ind1=" " ind2=" " tag="752"><subfield code="a">United States</subfield><subfield code="b">Wisconsin</subfield><subfield code="c">Marinette</subfield><subfield code="d">Wausaukee.</subfield></datafield></record>